<?xml version="1.0" encoding="UTF-8"?><collection xmlns="http://www.loc.gov/MARC21/slim"><record><leader>00382nam--2200121-i-4500</leader><controlfield tag="001">000003289</controlfield><controlfield tag="002">20161230</controlfield><controlfield tag="005">20161230201025</controlfield><controlfield tag="008">060222s1000------------r-----000-0-eng-d</controlfield><datafield ind1=" " ind2=" " tag="245"><subfield code="a">Aere. electronic equipment. instruction manual for meter contamination no.1 mk.2. issue 2</subfield></datafield><datafield ind1=" " ind2=" " tag="260"><subfield code="a">London, Harwel, Berkeley, Atomicenergy Esta- Blish, 1956 40 P.+1 Pl</subfield></datafield><datafield ind1=" " ind2=" " tag="490"><subfield code="a">Aere</subfield></datafield><datafield ind1=" " ind2=" " tag="852"><subfield code="a">13097</subfield></datafield></record></collection>